@article{strobelt2017lstmvis,
  title={Lstmvis: A tool for visual analysis of hidden state dynamics in recurrent neural networks},
  author={Strobelt, Hendrik and Gehrmann, Sebastian and Pfister, Hanspeter and Rush, Alexander M},
  journal={IEEE transactions on visualization and computer graphics},
  volume={24},
  number={1},
  pages={667--676},
  year={2017},
  publisher={IEEE}
}

@inproceedings{NEURIPS2018_69386f6b,
 author = {Chen, Ricky T. Q. and Rubanova, Yulia and Bettencourt, Jesse and Duvenaud, David K},
 booktitle = {Advances in Neural Information Processing Systems},
 editor = {S. Bengio and H. Wallach and H. Larochelle and K. Grauman and N. Cesa-Bianchi and R. Garnett},
 pages = {},
 publisher = {Curran Associates, Inc.},
 title = {Neural Ordinary Differential Equations},
 url = {https://proceedings.neurips.cc/paper_files/paper/2018/file/69386f6bb1dfed68692a24c8686939b9-Paper.pdf},
 volume = {31},
 year = {2018}
}